{
  "leader": "04517cam a2200613 a 4500",
  "fields": [
    {
      "001": "ocm25131474\\"
    },
    {
      "003": "OCoLC"
    },
    {
      "005": "20211115155456.0"
    },
    {
      "008": "911224s1992\\\\\\\\nyua\\\\\\\\\\b\\\\\\\\000\\0\\eng\\\\"
    },
    {
      "010": {
        "ind1": "\\",
        "ind2": "\\",
        "subfields": [
          {
            "a": "   91047955 "
          }
        ]
      }
    },
    {
      "040": {
        "ind1": "\\",
        "ind2": "\\",
        "subfields": [
          {
            "a": "DLC"
          },
          {
            "b": "eng"
          },
          {
            "c": "DLC"
          },
          {
            "d": "IAI"
          },
          {
            "d": "PMC"
          },
          {
            "d": "IOM"
          },
          {
            "d": "BAKER"
          },
          {
            "d": "BTCTA"
          },
          {
            "d": "YDXCP"
          },
          {
            "d": "GEBAY"
          },
          {
            "d": "HALAN"
          },
          {
            "d": "OCLCQ"
          },
          {
            "d": "BDX"
          },
          {
            "d": "GBVCP"
          },
          {
            "d": "OCLCO"
          },
          {
            "d": "OCLCF"
          },
          {
            "d": "OCLCQ"
          },
          {
            "d": "COH"
          },
          {
            "d": "OCLCO"
          },
          {
            "d": "DEBBG"
          },
          {
            "d": "OCLCQ"
          },
          {
            "d": "Y5J"
          }
        ]
      }
    },
    {
      "019": {
        "ind1": "\\",
        "ind2": "\\",
        "subfields": [
          {
            "a": "1018058813"
          },
          {
            "a": "1037726345"
          },
          {
            "a": "1201952905"
          }
        ]
      }
    },
    {
      "020": {
        "ind1": "\\",
        "ind2": "\\",
        "subfields": [
          {
            "a": "0807612790"
          }
        ]
      }
    },
    {
      "020": {
        "ind1": "\\",
        "ind2": "\\",
        "subfields": [
          {
            "a": "9780807612798"
          }
        ]
      }
    },
    {
      "020": {
        "ind1": "\\",
        "ind2": "\\",
        "subfields": [
          {
            "a": "0807612804"
          }
        ]
      }
    },
    {
      "020": {
        "ind1": "\\",
        "ind2": "\\",
        "subfields": [
          {
            "a": "9780807612804"
          }
        ]
      }
    },
    {
      "035": {
        "ind1": "\\",
        "ind2": "\\",
        "subfields": [
          {
            "a": "(OCoLC)25131474"
          },
          {
            "z": "(OCoLC)1018058813"
          },
          {
            "z": "(OCoLC)1037726345"
          },
          {
            "z": "(OCoLC)1201952905"
          }
        ]
      }
    },
    {
      "043": {
        "ind1": "\\",
        "ind2": "\\",
        "subfields": [
          {
            "a": "n-us---"
          }
        ]
      }
    },
    {
      "050": {
        "ind1": "0",
        "ind2": "0",
        "subfields": [
          {
            "a": "E185.61"
          },
          {
            "b": ".B825 1992"
          }
        ]
      }
    },
    {
      "082": {
        "ind1": "0",
        "ind2": "0",
        "subfields": [
          {
            "a": "305.896073"
          },
          {
            "b": "BRI"
          }
        ]
      }
    },
    {
      "096": {
        "ind1": "\\",
        "ind2": "\\",
        "subfields": [
          {
            "a": "000130276"
          }
        ]
      }
    },
    {
      "245": {
        "ind1": "0",
        "ind2": "0",
        "subfields": [
          {
            "a": "Bridges and boundaries :"
          },
          {
            "b": "African Americans and American Jews /"
          },
          {
            "c": "edited by Jack Salzman with Adina Back and Gretchen Sullivan Sorin."
          }
        ]
      }
    },
    {
      "260": {
        "ind1": "\\",
        "ind2": "\\",
        "subfields": [
          {
            "a": "New York :"
          },
          {
            "b": "George Braziller,"
          },
          {
            "c": "1992."
          }
        ]
      }
    },
    {
      "300": {
        "ind1": "\\",
        "ind2": "\\",
        "subfields": [
          {
            "a": "271 pages :"
          },
          {
            "b": "illustrations ;"
          },
          {
            "c": "26 cm"
          }
        ]
      }
    },
    {
      "336": {
        "ind1": "\\",
        "ind2": "\\",
        "subfields": [
          {
            "a": "text"
          },
          {
            "b": "txt"
          },
          {
            "2": "rdacontent"
          }
        ]
      }
    },
    {
      "337": {
        "ind1": "\\",
        "ind2": "\\",
        "subfields": [
          {
            "a": "unmediated"
          },
          {
            "b": "n"
          },
          {
            "2": "rdamedia"
          }
        ]
      }
    },
    {
      "338": {
        "ind1": "\\",
        "ind2": "\\",
        "subfields": [
          {
            "a": "volume"
          },
          {
            "b": "nc"
          },
          {
            "2": "rdacarrier"
          }
        ]
      }
    },
    {
      "500": {
        "ind1": "\\",
        "ind2": "\\",
        "subfields": [
          {
            "a": "\"George Braziller in association with the Jewish Museum, New York.\""
          }
        ]
      }
    },
    {
      "504": {
        "ind1": "\\",
        "ind2": "\\",
        "subfields": [
          {
            "a": "Includes bibliographical references (pages 259-261)."
          }
        ]
      }
    },
    {
      "505": {
        "ind1": "0",
        "ind2": "\\",
        "subfields": [
          {
            "a": "Parallels and divergences : assimilationist strategies of Afro-American and Jewish elites from 1910 to the early 1930s / David Levering Lewis -- Blacks and Jews in the civil rights movement : the case of SNCC / Clayborne Carson -- Blacks and Jews : the uncivil war / Taylor Branch -- A fear beyond escaping / Irving Howe -- Anti-Negroism among Jews / Louis Harap -- Anti-Semitism among Negroes / L.D. Reddick -- What happens to them happens to me / Abraham J. Heschel -- What happens to them happens to me / Martin Luther King, Jr. -- Candor about Negro-Jewish relations / Kenneth B. Clark -- Negroes and Jews : the new challenge to pluralism / Nathan Glazer -- My Negro problem, and ours / Norman Podhoretz."
          }
        ]
      }
    },
    {
      "505": {
        "ind1": "0",
        "ind2": "\\",
        "subfields": [
          {
            "a": "Negroes and Jews : the two nationalisms and the bloc(ked) plurality / Harold Cruse -- Blacks and Jews : different kinds of survival / Letty Cottin Pogrebin -- Between a rock and a hard place : relationships between Black and Jewish women / Barbara Smith -- A conversation between Cornel West and Michael Lerner -- Bridges and boundaries : a visual essay / Gretchen Sullivan Sorin with Beth Klopott and Julie Reiss -- Historical chronology / Beth Klopott."
          }
        ]
      }
    },
    {
      "520": {
        "ind1": "\\",
        "ind2": "\\",
        "subfields": [
          {
            "a": "While no single volume can fully explain this issue, Bridges and Boundaries: African Americans and American Jews provides us with a means to challenge, and perhaps even to verify, our sense of the past - and in so doing to better understand the present. Fifteen critical essays by leading historians, scholars, and political and religious figures of this century provide historical overviews of the relationships between African Americans and American Jews. They also."
          }
        ]
      }
    },
    {
      "520": {
        "ind1": "\\",
        "ind2": "\\",
        "subfields": [
          {
            "a": "Represent the diverse attitudes within the two groups, and reflect the multiple voices that have themselves shaped these attitudes. A visual essay that follows links texts and images of more than one hundred works of art and artifacts, first seen in an exhibit at The Jewish Museum, to explore the historical \"places\" at which the paths of African Americans and American Jews have crossed in meaningful ways during this century."
          }
        ]
      }
    },
    {
      "650": {
        "ind1": "\\",
        "ind2": "0",
        "subfields": [
          {
            "a": "African Americans"
          },
          {
            "x": "Relations with Jews."
          }
        ]
      }
    },
    {
      "650": {
        "ind1": "\\",
        "ind2": "0",
        "subfields": [
          {
            "a": "Jews"
          },
          {
            "z": "United States"
          },
          {
            "x": "Politics and government."
          }
        ]
      }
    },
    {
      "651": {
        "ind1": "\\",
        "ind2": "0",
        "subfields": [
          {
            "a": "United States"
          },
          {
            "x": "Race relations."
          }
        ]
      }
    },
    {
      "651": {
        "ind1": "\\",
        "ind2": "0",
        "subfields": [
          {
            "a": "United States"
          },
          {
            "x": "Ethnic relations."
          }
        ]
      }
    },
    {
      "650": {
        "ind1": "\\",
        "ind2": "7",
        "subfields": [
          {
            "a": "African Americans"
          },
          {
            "x": "Relations with Jews."
          },
          {
            "2": "fast"
          },
          {
            "0": "(OCoLC)fst00799684"
          }
        ]
      }
    },
    {
      "650": {
        "ind1": "\\",
        "ind2": "7",
        "subfields": [
          {
            "a": "Ethnic relations."
          },
          {
            "2": "fast"
          },
          {
            "0": "(OCoLC)fst00916005"
          }
        ]
      }
    },
    {
      "650": {
        "ind1": "\\",
        "ind2": "7",
        "subfields": [
          {
            "a": "Jews"
          },
          {
            "x": "Politics and government."
          },
          {
            "2": "fast"
          },
          {
            "0": "(OCoLC)fst00983330"
          }
        ]
      }
    },
    {
      "650": {
        "ind1": "\\",
        "ind2": "7",
        "subfields": [
          {
            "a": "Race relations."
          },
          {
            "2": "fast"
          },
          {
            "0": "(OCoLC)fst01086509"
          }
        ]
      }
    },
    {
      "651": {
        "ind1": "\\",
        "ind2": "7",
        "subfields": [
          {
            "a": "United States."
          },
          {
            "2": "fast"
          },
          {
            "0": "(OCoLC)fst01204155"
          }
        ]
      }
    },
    {
      "653": {
        "ind1": "\\",
        "ind2": "0",
        "subfields": [
          {
            "a": "African Americans"
          },
          {
            "a": "Relations with Jews"
          }
        ]
      }
    },
    {
      "653": {
        "ind1": "\\",
        "ind2": "0",
        "subfields": [
          {
            "a": "Jews"
          },
          {
            "a": "Politics and government"
          },
          {
            "a": "United States"
          }
        ]
      }
    },
    {
      "653": {
        "ind1": "\\",
        "ind2": "0",
        "subfields": [
          {
            "a": "United States"
          },
          {
            "a": "Ethnic relations"
          }
        ]
      }
    },
    {
      "653": {
        "ind1": "\\",
        "ind2": "0",
        "subfields": [
          {
            "a": "United States"
          },
          {
            "a": "Race relations"
          }
        ]
      }
    },
    {
      "700": {
        "ind1": "1",
        "ind2": "\\",
        "subfields": [
          {
            "a": "Salzman, Jack."
          }
        ]
      }
    },
    {
      "700": {
        "ind1": "1",
        "ind2": "\\",
        "subfields": [
          {
            "a": "Back, Adina."
          }
        ]
      }
    },
    {
      "700": {
        "ind1": "1",
        "ind2": "\\",
        "subfields": [
          {
            "a": "Sorin, Gretchen Sullivan."
          }
        ]
      }
    },
    {
      "776": {
        "ind1": "0",
        "ind2": "8",
        "subfields": [
          {
            "i": "Online version:"
          },
          {
            "t": "Bridges and boundaries."
          },
          {
            "d": "New York : George Braziller, 1992"
          },
          {
            "w": "(OCoLC)645856147"
          }
        ]
      }
    },
    {
      "856": {
        "ind1": "4",
        "ind2": "1",
        "subfields": [
          {
            "3": "Table of contents"
          },
          {
            "u": "http://www.gbv.de/dms/bowker/toc/9780807612804.pdf"
          }
        ]
      }
    },
    {
      "994": {
        "ind1": "\\",
        "ind2": "\\",
        "subfields": [
          {
            "a": "Z0"
          },
          {
            "b": "NYRVC"
          }
        ]
      }
    },
    {
      "948": {
        "ind1": "\\",
        "ind2": "\\",
        "subfields": [
          {
            "h": "NO HOLDINGS IN NYRVC - 727 OTHER HOLDINGS"
          }
        ]
      }
    },
    {
      "999": {
        "ind1": "\\",
        "ind2": "\\",
        "subfields": [
          {
            "a": "No barcode."
          }
        ]
      }
    }
  ]
}